% Encoding: UTF-8

@Article{Cameron2015b,
  author        = {Cameron, A Colin and Miller, Douglas L},
  title         = {A practitionerâ€™s guide to cluster-robust inference},
  journal       = {Journal of human resources},
  year          = {2015},
  volume        = {50},
  number        = {2},
  pages         = {317--372},
  __markedentry = {[bjvca:6]},
  publisher     = {University of Wisconsin Press},
}

@Comment{jabref-meta: databaseType:bibtex;}
